@incollection{unger2014an,
  year={2014},
  isbn={978-3-319-10586-4},
  booktitle={Reasoning Web. Reasoning on the Web in the Big Data Era},
  volume={8714},
  series={Lecture Notes in Computer Science},
  editor={Koubarakis, Manolis and Stamou, Giorgos and Stoilos, Giorgos and Horrocks, Ian and Kolaitis, Phokion and Lausen, Georg and Weikum, Gerhard},
  doi={10.1007/978-3-319-10587-1_2},
  title={An Introduction to Question Answering over Linked Data},
  url={http://dx.doi.org/10.1007/978-3-319-10587-1_2},
  publisher={Springer International Publishing},
  author={Unger, Christina and Freitas, Andr√© and Cimiano, Philipp},
  pages={100-140},
  language={English}
}
